@misc{educacao,
    author = {Gabriela de Oliveira},
    title = {{Ondas mecânicas: o que são, tipos, características - Mundo Educação}},
    howpublished = {\url{https://mundoeducacao.uol.com.br/fisica/ondas-mecanicas.htm}},
    year = {2011},
    month = {Julio},
    note = {Accedido: 2025-06-24}
}

@misc{labstercampoelcmag,
    title = {{Ondas electromagnéticas - Labster}},
    howpublished = {\url{https://theory.labster.com/es/electromagnetic-waves/}},
    note = {Accedido: 2025-06-24}
}

@misc{wikireflexion,
    title = {{Reflection (physics) - Wikipedia}},
    howpublished = {\url{https://en.wikipedia.org/wiki/Reflection_(physics)}},
    note = {Accedido: 2025-06-25}
}

@misc{sncrflspcdif,
    author = {Mortimer Abramowitz and Robert T. Sutter and Michael W. Davidson},
    title = {{Specular and Diffuse Reflection}},
    howpublished = {\url{https://evidentscientific.com/en/microscope-resource/tutorials/reflection/specular}},
    note = {Accedido: 2025-06-25}
}

@misc{sncrfllight,
    author = {Matthew J. Parry-Hill and Robert T. Sutter and Michael W. Davidson},
    title = {{Reflection of Light}},
    howpublished = {\url{https://evidentscientific.com/en/microscope-resource/tutorials/reflection/reflectionangles}},
    note = {Accedido: 2025-06-25}
}

@misc{sncrfrlight,
    author = {Robert T. Sutter and Thomas J. Fellers and Michael W. Davidson},
    title = {{Refraction of Light}},
    howpublished = {\url{https://evidentscientific.com/en/microscope-resource/tutorials/refraction/refractionangles}},
    note = {Accedido: 2025-06-25}
}

@misc{sncrfllight,
    author = {Matthew Parry-Hill and Robert T. Sutter and Michael W. Davidson},
    title = {{Basic Electromagnetic Wave Properties}},
    howpublished = {\url{https://evidentscientific.com/en/microscope-resource/tutorials/wavebasics}},
    note = {Accedido: 2025-06-25}
}

@misc{sncbdlslit,
    author = {Mortimer Abramowitz and Matthew J. Parry-Hill and Michael W. Davidson},
    title = {{The Double Slit Experiment}},
    howpublished = {\url{https://evidentscientific.com/en/microscope-resource/tutorials/doubleslit}},
    note = {Accedido: 2025-06-25}
}

@misc{cstmglassprism,
    author = {Caleb},
    title = {{What is a Glass Prism? Learn Light Refraction}},
    howpublished = {\url{https://customglassmfg.net/blog/what-is-glass-prism/}},
    year = {2023},
    month = {Agosto},
    note = {Accedido: 2025-06-27}
}

@misc{wikiwaves,
    title = {{Wave - Wikipedia}},
    howpublished = {\url{https://en.wikipedia.org/wiki/Wave}},
    note = {Accedido: 2025-06-27}
}
